

@article{dropout,
  author   = {Nitish Srivastava and Geoffrey Hinton and Alex Krizhevsky and Ilya Sutskever and Ruslan Salakhutdinov},
  title    = {Dropout: A Simple Way to Prevent Neural Networks from Overfitting},
  journal  = {Journal of Machine Learning Research},
  year     = {2014},
  volume   = {15},
  number   = {56},
  pages    = {1929--1958},
  url      = {http://jmlr.org/papers/v15/srivastava14a.html},
  keywords = {img}
}

@article{kernel,
  author   = {Pham, Trong-Ton},
  year     = {2010},
  month    = {12},
  title    = {MODELE DE GRAPHE ET MODELE DE LANGUE POUR LA RECONNAISSANCE DE SCENES VISUELLES},
  keywords = {img},
  url      = {https://www.researchgate.net/publication/281602651_MODELE_DE_GRAPHE_ET_MODELE_DE_LANGUE_POUR_LA_RECONNAISSANCE_DE_SCENES_VISUELLES}
}

@book{textbook,
  place     = {Cambridge, MA},
  title     = {Deep learning},
  publisher = {The MIT Press},
  author    = {Goodfellow, Ian and Bengio, Yoshua and Courville, Aaron},
  year      = {2017},
  keywords  = {img}
} 

@online{arnold,
  author   = {Ludovic Arnold},
  title    = {Gradient descent},
  url      = {https://ludovicarnold.com/teaching/optimization/gradient-descent/},
  keywords = {img}
}

@online{dag,
  author   = {David W.},
  title    = {Directed acyclic graph},
  url      = {https://commons.wikimedia.org/w/index.php?curid=3211391},
  keywords = {img}
}


@online{supervised,
  author   = {corochannNote},
  title    = {MNIST dataset introduction},
  url      = {https://corochann.com/mnist-dataset-introduction-532/},
  keywords = {img}
}

@online{unsupervised,
  author   = {Google},
  title    = {What is unsupervised learning?},
  url      = {https://cloud.google.com/discover/what-is-unsupervised-learning?hl=en},
  keywords = {img}
}

@online{reinforcement,
  author   = {Dllu},
  title    = {Waymo Jaguar I-Pace in San Francisco 2023},
  url      = {https://commons.wikimedia.org/w/index.php?curid=141214663},
  keywords = {img}
}
@online{density_estimation,
  title    = {Kernel Density Gaussian Animated},
  url      = {https://commons.wikimedia.org/w/index.php?curid=24309466},
  keywords = {img}
}

@online{structured_prediction,
  vauthor  = {Wikipedia},
  title    = {Structured prediction},
  url      = {https://en.wikipedia.org/wiki/Structured_prediction},
  keywords = {img}
}

@online{conv_layer,
  author   = {Adit Deshpande},
  title    = {A Beginner's Guide To Understanding Convolutional Neural Networks},
  url      = {https://adeshpande3.github.io/A-Beginner%27s-Guide-To-Understanding-Convolutional-Neural-Networks/},
  keywords = {img}
}



