@article{v1,
  author   = {Nitish Srivastava and Geoffrey Hinton and Alex Krizhevsky and Ilya Sutskever and Ruslan Salakhutdinov},
  title    = {Dropout: A Simple Way to Prevent Neural Networks from Overfitting},
  journal  = {Journal of Machine Learning Research},
  year     = {2014},
  volume   = {15},
  number   = {56},
  pages    = {1929--1958},
  url      = {http://jmlr.org/papers/v15/srivastava14a.html},
  keywords = {info}
}

@book{v2,
  place     = {Cambridge, MA},
  title     = {Deep learning},
  publisher = {The MIT Press},
  author    = {Goodfellow, Ian and Bengio, Yoshua and Courville, Aaron},
  year      = {2017},
  keywords  = {info}
} 

@book{mitchell97,
  place     = {New York},
  title     = {Machine learning},
  publisher = {McGraw Hill},
  author    = {Mitchell, Tom M.},
  year      = {1997},
  keywords  = {info}
}

@online{v4,
  author   = {Hugo Mougard},
  title    = {Visualization of the universal approximation theorem},
  url      = {https://www.youtube.com/watch?v=Ln8pV1AXAgQ},
  keywords = {info}
}

@online{v5,
  author   = {Yann LeCun and Corinna Cortes and Cristopher J.C. Burges},
  title    = {The MNIST database of handwritten digits},
  url      = {https://yann.lecun.com/exdb/mnist/},
  keywords = {info}
}

@online{v6,
  author   = {Wikipedia},
  title    = {Multinomial logistic regression},
  url      = {https://en.wikipedia.org/wiki/Multinomial_logistic_regression},
  keywords = {info}
}

@online{v7,
  author   = {Wikipedia},
  title    = {Kernel method},
  url      = {https://en.wikipedia.org/wiki/Kernel_method},
  keywords = {info}
}

@article{v8,
  title     = {Array programming with {NumPy}},
  author    = {Charles R. Harris and K. Jarrod Millman and St{\'{e}}fan J.
               van der Walt and Ralf Gommers and Pauli Virtanen and David
               Cournapeau and Eric Wieser and Julian Taylor and Sebastian
               Berg and Nathaniel J. Smith and Robert Kern and Matti Picus
               and Stephan Hoyer and Marten H. van Kerkwijk and Matthew
               Brett and Allan Haldane and Jaime Fern{\'{a}}ndez del
               R{\'{i}}o and Mark Wiebe and Pearu Peterson and Pierre
               G{\'{e}}rard-Marchant and Kevin Sheppard and Tyler Reddy and
               Warren Weckesser and Hameer Abbasi and Christoph Gohlke and
               Travis E. Oliphant},
  year      = {2020},
  month     = sep,
  journal   = {Nature},
  volume    = {585},
  number    = {7825},
  pages     = {357--362},
  doi       = {10.1038/s41586-020-2649-2},
  publisher = {Springer Science and Business Media {LLC}},
  url       = {https://doi.org/10.1038/s41586-020-2649-2},
  keywords  = {info}
}