

@article{dropout,
  author  = {Nitish Srivastava and Geoffrey Hinton and Alex Krizhevsky and Ilya Sutskever and Ruslan Salakhutdinov},
  title   = {Dropout: A Simple Way to Prevent Neural Networks from Overfitting},
  journal = {Journal of Machine Learning Research},
  year    = {2014},
  volume  = {15},
  number  = {56},
  pages   = {1929--1958},
  url     = {http://jmlr.org/papers/v15/srivastava14a.html}
}

@article{kernel,
  author = {Pham, Trong-Ton},
  year   = {2010},
  month  = {12},
  title  = {MODELE DE GRAPHE ET MODELE DE LANGUE POUR LA RECONNAISSANCE DE SCENES VISUELLES}
}

@book{textbook,
  place     = {Cambridge, MA},
  title     = {Deep learning},
  publisher = {The MIT Press},
  author    = {Goodfellow, Ian and Bengio, Yoshua and Courville, Aaron},
  year      = {2017}
} 

@book{mitchell97,
  place     = {New York},
  title     = {Machine learning},
  publisher = {McGraw Hill},
  author    = {Mitchell, Tom M.},
  year      = {1997}
} 




\bibitem{arnold}
\url{https://ludovicarnold.com/teaching/optimization/gradient-descent/}
\bibitem{dag}
\url{https://commons.wikimedia.org/w/index.php?curid=3211391}
\bibitem{supervised}
\url{https://corochann.com/mnist-dataset-introduction-532/}
\bibitem{unsupervised}
\url{https://cloud.google.com/discover/what-is-unsupervised-learning?hl=en}
\bibitem{reinforcement}
\url{https://commons.wikimedia.org/w/index.php?curid=141214663}
\bibitem{density_estimation}
\url{https://commons.wikimedia.org/w/index.php?curid=24309466}
\bibitem{structured_prediction}
\url{https://en.wikipedia.org/wiki/Structured_prediction}
\bibitem{conv_layer}
\url{https://adeshpande3.github.io/A-Beginner%27s-Guide-To-Understanding-Convolutional-Neural-Networks/}
\bibitem{relu_uat}
\url{https://www.youtube.com/watch?v=Ln8pV1AXAgQ}